
@article{shu2003head,
	title={Head and backbone of the Early Cambrian vertebrate Haikouichthys},
	author={Shu, D-G and Morris, S Conway and Han, JIAN and Zhang, Z-F and Yasui, K and Janvier, P and Chen, LING and Zhang, X-L and Liu, J-N and Li, YONG and others},
	journal={Nature},
	volume={421},
	number={6922},
	pages={526--529},
	year={2003},
	publisher={Nature Publishing Group UK London}
}


@article{en3,
  title={{The Mechanism and Effectiveness of Credit Scoring of P2P Lending Platform: Evidence from Renrendai.com}},
  author={Li, Qiang and Chen, Liwen and Zeng, Yong},
  journal={China Finance Review International},
  volume={8},
  number={3},
  pages={256--274},
  year={2018},
  publisher={Emerald Publishing Limited}
}


@article{en2,
   author = {Carlstrom, Charles T and Fuerst, Timothy S},
   title = {{Agency Costs, Net Worth, and Business Fluctuations: A Computable General Equilibrium Analysis}},
   journal = {The American Economic Review},
   pages = {893-910},
   ISSN = {0002-8282},
   year = {1997},
   type = {Journal Article}
}

@article{en1,
   author = {Quadrini, Vincenzo},
   title = {{Financial Frictions in Macroeconomic Fluctuations}},
   journal = {FRB Richmond Economic Quarterly},
   volume = {97},
   number = {3},
   pages = {209-254},
   year = {2011},
   type = {Journal Article}
}

@article{cn1,
   author = {方军雄},
   key = {fang1 jun1 xiong2},
   title = {{所有制、制度环境与信贷资金配置}},
   journal = {经济研究},
   number = {12},
   pages = {82-92},
   ISSN = {0577-9154},
   year = {2007},
   type = {Journal Article}
}

@article{cn2,
   author = {刘凤良 and 章潇萌 and 于泽},
   key = {liu2 feng4 liang2 zhang1 xiao1 meng2 yu2 ze2},
   title = {{高投资、结构失衡与价格指数二元分化}},
   journal = {金融研究},
   number = {02},
   pages = {54-69},
   ISSN = {1002-7246},
   year = {2017},
   type = {Journal Article}
}

@article{cn3,
   author = {吕捷 and 王高望},
   key = {lv3 jie2 wang2 gao1 wang4},
   title = {{CPI 与 PPI “背离”的结构性解释}},
   journal = {经济研究},
   volume = {50},
   number = {04},
   pages = {136-149},
   ISSN = {0577-9154},
   year = {2015},
   type = {Journal Article}
}

@article{u29,
	title={Dynamic causal modelling of distributed electromagnetic responses},
	author={Daunizeau, Jean and Kiebel, Stefan J and Friston, Karl J},
	journal={NeuroImage},
	volume={47},
	number={2},
	pages={590--601},
	year={2009},
	publisher={Elsevier}
}

@article{u76,
	title={Dynamic causal modelling of evoked responses in EEG/MEG with lead field parameterization},
	author={Kiebel, Stefan J and David, Olivier and Friston, Karl J},
	journal={NeuroImage},
	volume={30},
	number={4},
	pages={1273--1284},
	year={2006},
	publisher={Elsevier}
}

@article{u77,
	title={Dynamic causal modelling of evoked responses: the role of intrinsic connections},
	author={Kiebel, Stefan J and Garrido, Marta I and Friston, Karl J},
	journal={Neuroimage},
	volume={36},
	number={2},
	pages={332--345},
	year={2007},
	publisher={Elsevier}
}

@article{u33,
	title={Dynamical causal modelling for M/EEG: spatial and temporal symmetry constraints},
	author={Fastenrath, Matthias and Friston, Karl J and Kiebel, Stefan J},
	journal={Neuroimage},
	volume={44},
	number={1},
	pages={154--163},
	year={2009},
	publisher={Elsevier}
}

@article{u56,
	title={Dynamic causal modelling of evoked potentials: a reproducibility study},
	author={Garrido, Marta I and Kilner, James M and Kiebel, Stefan J and Stephan, Klaas E and Friston, Karl J},
	journal={Neuroimage},
	volume={36},
	number={3},
	pages={571--580},
	year={2007},
	publisher={Elsevier}
}

@article{u55,
	title={Evoked brain responses are generated by feedback loops},
	author={Garrido, Marta I and Kilner, James M and Kiebel, Stefan J and Friston, Karl J},
	journal={Proceedings of the National Academy of Sciences},
	volume={104},
	number={52},
	pages={20961--20966},
	year={2007},
	publisher={National Acad Sciences}
}

@article{u54,
	title={The functional anatomy of the MMN: a DCM study of the roving paradigm},
	author={Garrido, Marta I and Friston, Karl J and Kiebel, Stefan J and Stephan, Klaas E and Baldeweg, Torsten and Kilner, James M},
	journal={Neuroimage},
	volume={42},
	number={2},
	pages={936--944},
	year={2008},
	publisher={Elsevier}
}

@book{u36,
	title={Statistical parametric mapping: the analysis of functional brain images},
	author={Penny, William D and Friston, Karl J and Ashburner, John T and Kiebel, Stefan J and Nichols, Thomas E},
	year={2011},
	publisher={Elsevier}
}

@article{u23,
	title={Dynamic causal modelling of induced responses},
	author={Chen, Chun-Chuan and Kiebel, Stefan J and Friston, Karl J},
	journal={Neuroimage},
	volume={41},
	number={4},
	pages={1293--1312},
	year={2008},
	publisher={Elsevier}
}

@article{u22,
	title={Forward and backward connections in the brain: a DCM study of functional asymmetries},
	author={Chen, Chun-Chuan and Henson, RN and Stephan, Klaas E and Kilner, James M and Friston, Karl J},
	journal={Neuroimage},
	volume={45},
	number={2},
	pages={453--462},
	year={2009},
	publisher={Elsevier}
}

@article{u91,
	title={Dynamic causal models of steady-state responses},
	author={Moran, Rosalyn J and Stephan, Klaas E and Seidenbecher, T and Pape, H-C and Dolan, Raymond J and Friston, Karl J},
	journal={Neuroimage},
	volume={44},
	number={3},
	pages={796--811},
	year={2009},
	publisher={Elsevier}
}

@article{u87,
	title={Bayesian estimation of synaptic physiology from the spectral responses of neural masses},
	author={Moran, Rosalyn J and Stephan, Klaas E and Kiebel, Stefan J and Rombach, N and O'Connor, William T and Murphy, KJ and Reilly, Richard B and Friston, Karl J},
	journal={Neuroimage},
	volume={42},
	number={1},
	pages={272--284},
	year={2008},
	publisher={Elsevier}
}

@article{u88,
	title={A neural mass model of spectral responses in electrophysiology},
	author={Moran, Rosalyn J and Kiebel, Stefan J and Stephan, Klaas E and Reilly, Richard B and Daunizeau, Jean and Friston, Karl J},
	journal={NeuroImage},
	volume={37},
	number={3},
	pages={706--720},
	year={2007},
	publisher={Elsevier}
}

@article{u78,
	title={Dynamic causal modelling for EEG and MEG},
	author={Kiebel, Stefan J and Garrido, Marta I and Moran, Rosalyn J and Friston, Karl J},
	journal={Cognitive neurodynamics},
	volume={2},
	pages={121--136},
	year={2008},
	publisher={Springer}
}

@article{u28,
	title={Dynamic causal modelling of distributed electromagnetic responses},
	author={Daunizeau, Jean and Kiebel, Stefan J and Friston, Karl J},
	journal={NeuroImage},
	volume={47},
	number={2},
	pages={590--601},
	year={2009},
	publisher={Elsevier}
}

@article{u84,
	title={Population dynamics: variance and the sigmoid activation function},
	author={Marreiros, Andr{\'e} C and Daunizeau, Jean and Kiebel, Stefan J and Friston, Karl J},
	journal={Neuroimage},
	volume={42},
	number={1},
	pages={147--157},
	year={2008},
	publisher={Elsevier}
}

@article{u16,
	title={Canonical microcircuits for predictive coding},
	author={Bastos, Andre M and Usrey, W Martin and Adams, Rick A and Mangun, George R and Fries, Pascal and Friston, Karl J},
	journal={Neuron},
	volume={76},
	number={4},
	pages={695--711},
	year={2012},
	publisher={Elsevier}
}

@article{u104,
	title={Bayesian model selection for group studies},
	author={Stephan, Klaas Enno and Penny, Will D and Daunizeau, Jean and Moran, Rosalyn J and Friston, Karl J},
	journal={Neuroimage},
	volume={46},
	number={4},
	pages={1004--1017},
	year={2009},
	publisher={Elsevier}
}